@Book{Hirschman_2014,
    publisher = {Dover Publications},
    isbn = {978-0-486-78975-0},
    year = {2014},
    title = {Infinite series},
    edition = {2nd ed. / v nakladatelství Dover 1.},
    language = {english},
    address = {Mineola},
    author = {Hirschman, I. I. (Isidore Isaac)},
    lccn = {2014014257},
}

@Article{Cook_2017,
    issn = {2331-8422}, 
    journal = {arXiv.org},
    publisher = {Cornell University Library, arXiv.org},
    year = {2017},
    title = {Introduction to \(\mathcal{A}\)-Calculus},
    language = {english},
    address = {Ithaca},
    author = {Cook, James},
}

@Book{Cerny_2002,
    author = {Ilja Černý},
    title = {Úvod do inteligentního kalkulu : 1000 příkladů z elementární analýzy.},
    address = {Praha},
    publisher = {Alfa},
    year = {2002},
    isbn = {8020010173},
    language = {czech},
}

@Article{Rosenthal_1951,
    issn = {00029890},
    journal = {The American Mathematical Monthly},
    pages = {75--86},
    volume = {58},
    publisher = {Mathematical Association of America},
    number = {2},
    year = {1951},
    title = {The History of Calculus},
    language = {english},
    author = {Rosenthal, Arthur},
}

@Misc{matematika_cz,
    author = {Lukáš Havrlant},
    title = {Limita funkce, \emph{Matematika.cz: Analýza}},
    howpublished = {[online]},
    year = {2006--2021},
    note = {[vid. 2021-04-06]},
    publisher = {Vydavatelství Nová média, s. r. o.},
    url = {https://matematika.cz/limita-funkce},
}

@Misc{Britannica_2011_dif,
    author = {Britannica, The Editors of Encyclopaedia},
    title = {Differential calculus},
    howpublished = {[online]},
    year = {19. srpen 2011},
    note = {[vid. 2021-04-06]},
    url = {https://www.britannica.com/science/differential-calculus},
    publisher = {Encyclopaedia Britannica},
}

@Article{Jankensgard_2020,
    issn = {0378-4266},
    journal = {Journal of banking \& finance},
    volume = {119},
    publisher = {Elsevier B.V},
    year = {2020},
    title = {Derivative cash flows and corporate investment},
    language = {english},
    author = {Jankensgård, Håkan and Moursli, Reda M},
}

@Misc{Britannica_2016_int,
    author = {Britannica, The Editors of Encyclopaedia},
    title = {Integral calculus},
    howpublished = {[online]},
    year = {11. květen 2016},
    note = {[vid. 2021-04-06]},
    url = {https://www.britannica.com/science/integral-calculus},
}

@MastersThesis{Butek_2005,
    year = {2005},
    title = {Určité integrály},
    language = {czech},
    author = {Butek, Michal},
    type = {Bakalářská práce},
    school = {Vysoké učení technické v Brně, Fakulta informačních technologií},
}

@MastersThesis{Valesova_2016,
    school = {Vysoké učení technické v Brně. Fakulta informačních technologií},
    year = {2016},
    title = {Vícenásobné integrály},
    language = {czech},
    author = {Valešová, Nikola},
    type = {Bakalářská práce},
}